% Optional fields: author, title, howpublished, month, year, note
@article{KLT,
  author =       "Bruce D. Lucas, T Kanade",
  title =        "{An Iterative Image Registration Technique with an Application to Stereo Vision}",
  year =         "1981",
}

@article{LocalReg,
  author =       "William S. Cleveland, C. Loader",
  title =        "Smoothing by Local Regression: Principles and Methods",
  journal =      "AT\&T Bell Laboratories",
}

@article{goodfeatures,
  author =       "J. Shi, C. Tomasi",
  title =        "{Good Features to Track}",
  year =         "1994",
}

@article{zissermanfeatures,
    author    = "R. Hartley, A. Zisserman",
    title     = "Multiple View Geometry in Computer Vision, Ch. 9 Epipolar Geometry and the Fundamental Matrix",
    year      = "2004",
    pages =        "239--252",
    publisher = "Cambridge University Press"
}

@article{zisserman,
    author    = "R. Hartley, A. Zisserman",
    title     = "Multiple View Geometry in Computer Vision, ch 10 3D Reconstruction of Cameras and Structure",
    year      = "2004",
    pages =        "262--276",
    publisher = "Cambridge University Press"
}